Automatically generated by Mendeley 1.0.1
Any changes to this file will be lost if it is regenerated by Mendeley.

@article{Bocchini1997,
author = {Bocchini, P and Galletti, G.C and Camarero, S and Martinez, A.T},
doi = {10.1016/S0021-9673(97)00114-3},
file = {:home/lluc/.local/share/data/Mendeley Ltd./Mendeley Desktop/Downloaded/Bocchini et al. - 1997 - Absolute quantitation of lignin pyrolysis products using an internal standard.pdf:pdf},
issn = {00219673},
journal = {Journal of Chromatography A},
keywords = {internal standard,internal standards,lignin,pyrolysis,tributylbenzene},
mendeley-tags = {internal standard,lignin},
month = jun,
number = {1-2},
pages = {227--232},
title = {{Absolute quantitation of lignin pyrolysis products using an internal standard}},
url = {http://linkinghub.elsevier.com/retrieve/pii/S0021967397001143},
volume = {773},
year = {1997}
}
@article{White2004,
author = {White, D},
doi = {10.1016/j.coldregions.2003.08.001},
file = {:home/lluc/Documents/papers/sdarticle-5.pdf:pdf},
issn = {0165232X},
journal = {Cold Regions Science and Technology},
keywords = {ALASKA,CARBON STORAGE,CHROMATOGRAPHY-MASS-SPECTROMETRY,LATITUDINAL TRANSECT,arctic,carbon dioxide (CO2),mass spectrometry,soil organic matter (SOM)},
month = jan,
number = {1},
pages = {63--73},
publisher = {ELSEVIER SCIENCE BV},
title = {{Characterizing soil organic matter quality in arctic soil by cover type and depth}},
url = {http://apps.isiknowledge.com/full\_record.do?product=UA\&search\_mode=Refine\&qid=21\&SID=Z2d9Dl7fg@MffMA7ilb\&page=1\&doc=1\&colname=WOS},
volume = {38},
year = {2004}
}
