Automatically generated by Mendeley 1.0.1
Any changes to this file will be lost if it is regenerated by Mendeley.

@article{Frostegard2010,
author = {Frosteg\aa rd, \AA sa and Tunlid, Anders and B\aa\aa th, Erland},
doi = {10.1016/j.soilbio.2010.11.021},
file = {:home/lluc/Documents/papers/sdarticle.pdf:pdf},
issn = {00380717},
journal = {Soil Biology and Biochemistry},
month = dec,
number = {8},
pages = {1621--1625},
publisher = {Elsevier Ltd},
title = {{Use and misuse of PLFA measurements in soils}},
url = {http://linkinghub.elsevier.com/retrieve/pii/S0038071710004426},
volume = {43},
year = {2010}
}
