Automatically generated by Mendeley 1.0.1
Any changes to this file will be lost if it is regenerated by Mendeley.

@article{Schulten1999,
author = {Schulten, H.-R and Gleixner, G},
doi = {10.1016/S0043-1354(98)00493-X},
file = {:home/lluc/Documents/papers/sdarticle-10.pdf:pdf},
issn = {00431354},
journal = {Water Research},
keywords = {carbon isotope ratios,fulvic acids,humic acids,ltrate,ultra,Ã°brownwater},
month = aug,
number = {11},
pages = {2489--2498},
title = {{Analytical pyrolysis of humic substances and dissolved organic matter in aquatic systems: structure and origin}},
url = {http://linkinghub.elsevier.com/retrieve/pii/S004313549800493X},
volume = {33},
year = {1999}
}
