Automatically generated by Mendeley 1.0.1
Any changes to this file will be lost if it is regenerated by Mendeley.

@article{Bocchini1997,
author = {Bocchini, P and Galletti, G.C and Camarero, S and Martinez, A.T},
doi = {10.1016/S0021-9673(97)00114-3},
file = {:home/lluc/.local/share/data/Mendeley Ltd./Mendeley Desktop/Downloaded/Bocchini et al. - 1997 - Absolute quantitation of lignin pyrolysis products using an internal standard.pdf:pdf},
issn = {00219673},
journal = {Journal of Chromatography A},
keywords = {internal standard,internal standards,lignin,pyrolysis,tributylbenzene},
mendeley-tags = {internal standard,lignin},
month = jun,
number = {1-2},
pages = {227--232},
title = {{Absolute quantitation of lignin pyrolysis products using an internal standard}},
url = {http://linkinghub.elsevier.com/retrieve/pii/S0021967397001143},
volume = {773},
year = {1997}
}
