Automatically generated by Mendeley 1.0.1
Any changes to this file will be lost if it is regenerated by Mendeley.

@article{PaineIII2007,
author = {{Paine III}, John B. and Pithawalla, Yezdi B. and Naworal, John D. and {Thomas Jr.}, Charles E.},
doi = {10.1016/j.jaap.2007.03.007},
file = {:home/lluc/.local/share/data/Mendeley Ltd./Mendeley Desktop/Downloaded/Paine III et al. - 2007 - Carbohydrate pyrolysis mechanisms from isotopic labelingPart 1 The pyrolysis of glycerin Discovery of competing fragmentation mechanisms affording acetaldehyde and formaldehyde and the implications for carbohydrate pyrolysis.pdf:pdf},
issn = {01652370},
journal = {Journal of Analytical and Applied Pyrolysis},
keywords = {acetaldehyde,acrolein,carbohydrate pyrolysis,cyclic grob fragmentation,formaldehyde,fragmentation,glycerin,ipsolog,ipsomer,isotopolog,isotopomer,naturalomer,pyrolysis,retro-aldol,tandem alkaline pinacol rearrangement,ubiquilog},
month = oct,
number = {2},
pages = {297--311},
title = {{Carbohydrate pyrolysis mechanisms from isotopic labelingPart 1: The pyrolysis of glycerin: Discovery of competing fragmentation mechanisms affording acetaldehyde and formaldehyde and the implications for carbohydrate pyrolysis}},
url = {http://linkinghub.elsevier.com/retrieve/pii/S0165237007000502},
volume = {80},
year = {2007}
}
@article{Paineiii2008,
author = {Paineiii, J and Pithawalla, Y and Naworal, J},
doi = {10.1016/j.jaap.2008.01.002},
file = {:home/lluc/.local/share/data/Mendeley Ltd./Mendeley Desktop/Downloaded/Paineiii, Pithawalla, Naworal - 2008 - Carbohydrate pyrolysis mechanisms from isotopic labelingPart 3. The Pyrolysis of d-glucose Formation of C3 and C4 carbonyl compounds and a cyclopentenedione isomer by electrocyclic fragmentation mechanisms.pdf:pdf;:home/lluc/.local/share/data/Mendeley Ltd./Mendeley Desktop/Downloaded/Paineiii, Pithawalla, Naworal - 2008 - Carbohydrate pyrolysis mechanisms from isotopic labelingPart 2. The pyrolysis of d-glucose General disconnective analysis and the formation of C1 and C2 carbonyl compounds by electrocyclic fragmentation mechanis.pdf:pdf},
issn = {01652370},
journal = {Journal of Analytical and Applied Pyrolysis},
keywords = {1-cyclopentene-3,2,2-butanone,3-butanedione,4-dione,acetaldehyde,acetic acid,acetol,acetone,acrolein,crotonaldehyde,cyclic grob fragmentation,d -glucose,formaldehyde,formic acid,glucose,glycolaldehyde,isotopic labeling,isotopolog,methacrolein,methyl reductone,methyl vinyl ketone,pinacol rearrangement,propionaldehyde,pyrolysis,pyruvaldehyde},
month = may,
number = {1},
pages = {10--41},
title = {{Carbohydrate pyrolysis mechanisms from isotopic labelingPart 3. The Pyrolysis of d-glucose: Formation of C3 and C4 carbonyl compounds and a cyclopentenedione isomer by electrocyclic fragmentation mechanisms}},
url = {http://linkinghub.elsevier.com/retrieve/pii/S0165237007001775 http://linkinghub.elsevier.com/retrieve/pii/S0165237008000053},
volume = {82},
year = {2008}
}
@article{PaineIII2008,
author = {{Paine III}, John B. and Pithawalla, Yezdi B. and Naworal, John D.},
doi = {10.1016/j.jaap.2008.05.008},
file = {:home/lluc/.local/share/data/Mendeley Ltd./Mendeley Desktop/Downloaded/Paine III, Pithawalla, Naworal - 2008 - Carbohydrate pyrolysis mechanisms from isotopic labelingPart 4. The pyrolysis of d-glucose The formation of furans.pdf:pdf},
issn = {01652370},
journal = {Journal of Analytical and Applied Pyrolysis},
month = sep,
number = {1},
pages = {37--63},
title = {{Carbohydrate pyrolysis mechanisms from isotopic labelingPart 4. The pyrolysis of d-glucose: The formation of furans}},
url = {http://linkinghub.elsevier.com/retrieve/pii/S0165237008000703},
volume = {83},
year = {2008}
}
@article{Pouwels1987,
author = {Pouwels, A.D. and Tom, Anneke and Eijkel, G.B. and Boon, J.J.},
file = {:home/lluc/.local/share/data/Mendeley Ltd./Mendeley Desktop/Downloaded/Pouwels et al. - 1987 - Characterisation of beech wood and its holocellulose and xylan fractions by pyrolysis-gas chromatography-mass spectrometry.pdf:pdf},
issn = {0165-2370},
journal = {Journal of Analytical and Applied Pyrolysis},
pages = {417--436},
publisher = {Elsevier},
title = {{Characterisation of beech wood and its holocellulose and xylan fractions by pyrolysis-gas chromatography-mass spectrometry}},
url = {http://linkinghub.elsevier.com/retrieve/pii/0165237087850453},
volume = {11},
year = {1987}
}
