Automatically generated by Mendeley 1.0.1
Any changes to this file will be lost if it is regenerated by Mendeley.

@article{Prescott2010,
author = {Prescott, Cindy E.},
doi = {10.1007/s10533-010-9439-0},
file = {:home/lluc/.local/share/data/Mendeley Ltd./Mendeley Desktop/Downloaded/Prescott - 2010 - Litter decomposition what controls it and how can we alter it to sequester more carbon in forest soils.pdf:pdf},
issn = {0168-2563},
journal = {Biogeochemistry},
keywords = {analysis \'{a},carbon sequestration \'{a} threshold,forest management \'{a},litter chemistry \'{a} litter,litter decomposition \'{a} humus,quality \'{a},soil organic matter \'{a},\'{a}},
month = apr,
number = {1-3},
pages = {133--149},
title = {{Litter decomposition: what controls it and how can we alter it to sequester more carbon in forest soils?}},
url = {http://www.springerlink.com/index/10.1007/s10533-010-9439-0},
volume = {101},
year = {2010}
}
@article{Klotzbucher2011,
author = {Klotzb\"{u}cher, Thimo and Kaiser, Klaus and Guggenberger, Georg and Gatzek, Christiane and Kalbitz, Karsten},
file = {:home/lluc/.local/share/data/Mendeley Ltd./Mendeley Desktop/Downloaded/Klotzb\"{u}cher et al. - 2011 - A new conceptual model for the fate of lignin in decomposing plant litter.pdf:pdf},
journal = {America},
keywords = {c availability,dissolved organic matter,lignin,plant litter decomposition,respiration rates},
number = {5},
pages = {1052--1062},
title = {{A new conceptual model for the fate of lignin in decomposing plant litter}},
volume = {92},
year = {2011}
}
@article{Thevenot2010a,
author = {Thevenot, Mathieu and Dignac, Marie-France and Rumpel, Cornelia},
doi = {10.1016/j.soilbio.2010.03.017},
file = {:home/lluc/Documents/papers/sdarticle8.pdf:pdf},
issn = {00380717},
journal = {Soil Biology and Biochemistry},
month = aug,
number = {8},
pages = {1200--1211},
publisher = {Elsevier Ltd},
title = {{Fate of lignins in soils: A review}},
url = {http://linkinghub.elsevier.com/retrieve/pii/S0038071710001094},
volume = {42},
year = {2010}
}
@article{Berg1980,
author = {Berg, B and Staaf, H},
file = {:home/lluc/.local/share/data/Mendeley Ltd./Mendeley Desktop/Downloaded/Berg, Staaf - 1980 - Decomposition rate and chemical changes of Scots pine needle litter. II. Influence of chemical composition.pdf:pdf},
journal = {Ecological Bulletins},
number = {32},
pages = {373--390},
publisher = {JSTOR},
title = {{Decomposition rate and chemical changes of Scots pine needle litter. II. Influence of chemical composition}},
url = {http://www.jstor.org/stable/20112825},
year = {1980}
}
