Automatically generated by Mendeley 1.0.1
Any changes to this file will be lost if it is regenerated by Mendeley.

@article{Fontaine2011,
author = {Fontaine, S. and Henault, C. and Aamor, a. and Bdioui, N. and Bloor, J.M.G. and Maire, V. and Mary, B. and Revaillot, S. and Maron, P.a.},
doi = {10.1016/j.soilbio.2010.09.017},
file = {:home/lluc/Documents/papers/fontaine2011\_priming\_n.pdf:pdf},
issn = {00380717},
journal = {Soil Biology and Biochemistry},
month = jan,
number = {1},
pages = {86--96},
publisher = {Elsevier Ltd},
title = {{Fungi mediate long term sequestration of carbon and nitrogen in soil through their priming effect}},
url = {http://linkinghub.elsevier.com/retrieve/pii/S0038071710003500},
volume = {43},
year = {2011}
}
@article{Prescott2010,
author = {Prescott, Cindy E.},
doi = {10.1007/s10533-010-9439-0},
file = {:home/lluc/.local/share/data/Mendeley Ltd./Mendeley Desktop/Downloaded/Prescott - 2010 - Litter decomposition what controls it and how can we alter it to sequester more carbon in forest soils.pdf:pdf},
issn = {0168-2563},
journal = {Biogeochemistry},
keywords = {analysis \'{a},carbon sequestration \'{a} threshold,forest management \'{a},litter chemistry \'{a} litter,litter decomposition \'{a} humus,quality \'{a},soil organic matter \'{a},\'{a}},
month = apr,
number = {1-3},
pages = {133--149},
title = {{Litter decomposition: what controls it and how can we alter it to sequester more carbon in forest soils?}},
url = {http://www.springerlink.com/index/10.1007/s10533-010-9439-0},
volume = {101},
year = {2010}
}
