Automatically generated by Mendeley 1.0.1
Any changes to this file will be lost if it is regenerated by Mendeley.

@article{Haubert2011,
author = {Haubert, Dominique and Pollierer, Melanie M. and Scheu, Stefan},
doi = {10.1016/j.soilbio.2010.10.008},
file = {:home/lluc/.local/share/data/Mendeley Ltd./Mendeley Desktop/Downloaded/Haubert, Pollierer, Scheu - 2011 - Fatty acid patterns as biomarker for trophic interactions Changes after dietary switch and starvation.pdf:pdf},
issn = {00380717},
journal = {Soil Biology and Biochemistry},
month = mar,
number = {3},
pages = {490--494},
publisher = {Elsevier Ltd},
title = {{Fatty acid patterns as biomarker for trophic interactions: Changes after dietary switch and starvation}},
url = {http://linkinghub.elsevier.com/retrieve/pii/S0038071710003913},
volume = {43},
year = {2011}
}
