Automatically generated by Mendeley 1.0.1
Any changes to this file will be lost if it is regenerated by Mendeley.

@techreport{Bhat,
address = {Washington D.C.},
author = {Bhat, Chandra R. and {Fisher M.}, Kimberly and Kuehn, David and Mahoney, Joe P. and McGennis, Robert B and Mohammadian, Abolfazi (kouros) and Norman, Mark R and Peeta, Srinivas and {Van Houten}, Ronald George},
booktitle = {Transportation Research Record},
file = {::},
pages = {1--7},
title = {{Writing a Paper for the Transportation Research Record}},
url = {http://onlinepubs.trb.org/onlinepubs/am/2011/WritingForTheTRRecord.pdf}
}
@article{Landes1951,
author = {Landes, Kenneth K.},
doi = {10.1306/3D9342E9-16B1-11D7-8645000102C1865D},
file = {::},
issn = {0149-1423},
journal = {AAPG Bulletin},
title = {{A Scrutiny of the Abstract: GEOLOGICAL NOTES}},
url = {http://search.datapages.com/data/doi/10.1306/3D9342E9-16B1-11D7-8645000102C1865D},
volume = {35},
year = {1951}
}
@misc{Claerbout1995,
author = {Claerbout, Jon F.},
booktitle = {The Leading Edge},
doi = {10.1190/1.1436777},
file = {::},
issn = {1070485X},
number = {1},
pages = {39},
title = {{A scrutiny of the introduction}},
url = {http://sepwww.stanford.edu/sep/prof/Intro.html},
volume = {10},
year = {1995}
}
@article{Plotkin2004,
author = {Plotkin, Horatio},
file = {::},
journal = {British Medical Journal},
number = {December},
pages = {2004--2004},
title = {{How to get your paper rejected}},
url = {http://www.bmj.com/content/329/7480/1469.full},
volume = {329},
year = {2004}
}
@article{Wells2004,
abstract = {The scientific literature is exploding in quantity even as it stands still in literary quality. In this brief guide, I suggest a few small steps that the individual can take to make his or her writing clear, straightforward, and digestible.},
author = {Wells, William a},
doi = {10.1083/jcb.200403137},
file = {::;::},
issn = {0021-9525},
journal = {The Journal of cell biology},
keywords = {Humans,Periodicals as Topic,Periodicals as Topic: standards,Science,Science: standards,Wit and Humor as Topic,Writing,Writing: standards},
month = jun,
number = {6},
pages = {757--8},
pmid = {15210725},
title = {{Me write pretty one day: how to write a good scientific paper.}},
url = {http://www.pubmedcentral.nih.gov/articlerender.fcgi?artid=2172395\&tool=pmcentrez\&rendertype=abstract},
volume = {165},
year = {2004}
}
