Automatically generated by Mendeley 1.0.1
Any changes to this file will be lost if it is regenerated by Mendeley.

@incollection{IPCC2007pt1ch1,
address = {Cambridge, United Kingdom and New York, NY, USA},
author = {Treut, Le and Somerville, R and Cubasch, U and Ding, Y and Mauritzen, C and Mokssit, A and Peterson, T and Prather, M and Qin, D and Manning, M and Chen, Z and Marquis, M and Averyt, K B and Tignor, M and Kingdom, United},
booktitle = {Climate Change 2007: The Physical Science Basis. Contribution of Working Group I to the Fourth Assessment Report of the Intergovernmental Panel on Climate Change},
chapter = {1},
editor = {Solomon, S. and Qin, D. and Manning, M. and Chen, Z. and Marquis, M. and Averyt, K.B. and Tignor, M. and Miller, H.L.},
file = {:home/lluc/Documents/papers/ar4-wg1-chapter1.pdf:pdf},
keywords = {IPCC},
mendeley-tags = {IPCC},
pages = {93--127},
publisher = {Cambridge University Press},
title = {{Historical Overview of Climate Change Science}},
year = {2007}
}
@incollection{IPCC2007pt1ch7,
address = {Cambridge, United Kingdom and New York, NY, USA},
author = {Denman, K.L. and Brasseur, G. and Chidthaisong, A. and Ciais, P. and Cox, P.M. and Dickinson, R.E. and Hauglustaine, D. and Heinze, C. and Holland, E. and Jacob, D. and Lohmann, U. and Ramachandran, S and Dias, P.L. da Silva and Wofsy, S.C. and Zhang, X.},
booktitle = {Climate Change 2007: The Physical Science Basis. Contribution of Working Group I to the Fourth Assessment Report of the Intergovernmental Panel on Climate Change},
chapter = {7},
editor = {Solomon, S. and Qin, D. and Manning, M. and Chen, Z. and Marquis, M. and Averyt, K.B. and Tignor, M. and Miller, H.L.},
file = {:home/lluc/Documents/papers/ar4-wg1-chapter7.pdf:pdf},
keywords = {IPCC},
mendeley-tags = {IPCC},
pages = {499--587},
publisher = {Cambridge University Press},
title = {{Couplings between changes in the climate system and biogeochemistry}},
url = {http://scholar.google.com/scholar?hl=en\&btnG=Search\&q=intitle:Couplings+Between+Changes+in+the+Climate+System+and+Biogeochemistry\#0},
year = {2007}
}
