Automatically generated by Mendeley 1.0.1
Any changes to this file will be lost if it is regenerated by Mendeley.

@article{Dyckmans2002,
author = {Dyckmans, J and Flessa, H and Brinkmann, K and Mai, C and Polle, A},
file = {:home/lluc/Documents/papers/j.1365-3040.2002.00826.x.pdf:pdf},
journal = {Plant, Cell \& Environment},
number = {4},
pages = {469--478},
publisher = {Wiley Online Library},
title = {{Carbon and nitrogen dynamics in acid detergent fibre lignins of beech (Fagus sylvatica L.) during the growth phase}},
url = {http://onlinelibrary.wiley.com/doi/10.1046/j.1365-3040.2002.00826.x/full},
volume = {25},
year = {2002}
}
