Automatically generated by Mendeley 1.0.1
Any changes to this file will be lost if it is regenerated by Mendeley.

@article{Moorhead2006,
author = {Moorhead, Daryl L. and Sinsabaugh, Robert L.},
file = {:home/lluc/.local/share/data/Mendeley Ltd./Mendeley Desktop/Downloaded/Moorhead, Sinsabaugh - 2006 - A theoretical model of litter decay and microbial interaction.pdf:pdf},
journal = {Ecological Monographs},
number = {2},
pages = {151--174},
title = {{A theoretical model of litter decay and microbial interaction}},
url = {http://www.esajournals.org/doi/pdf/10.1890/0012-9615(2006)076[0151:ATMOLD]2.0.CO;2},
volume = {76},
year = {2006}
}
@article{Klotzbucher2011,
author = {Klotzb\"{u}cher, Thimo and Kaiser, Klaus and Guggenberger, Georg and Gatzek, Christiane and Kalbitz, Karsten},
file = {:home/lluc/.local/share/data/Mendeley Ltd./Mendeley Desktop/Downloaded/Klotzb\"{u}cher et al. - 2011 - A new conceptual model for the fate of lignin in decomposing plant litter.pdf:pdf},
journal = {America},
keywords = {c availability,dissolved organic matter,lignin,plant litter decomposition,respiration rates},
number = {5},
pages = {1052--1062},
title = {{A new conceptual model for the fate of lignin in decomposing plant litter}},
volume = {92},
year = {2011}
}
@article{Kalbitz2006,
author = {Kalbitz, K. and Kaiser, K. and Bargholz, J. and Dardenne, P.},
doi = {10.1111/j.1365-2389.2006.00797.x},
file = {:home/lluc/lukas.1.PDF:PDF},
issn = {1351-0754},
journal = {European Journal of Soil Science},
month = aug,
number = {4},
pages = {504--516},
title = {{Lignin degradation controls the production of dissolved organic matter in decomposing foliar litter}},
url = {http://doi.wiley.com/10.1111/j.1365-2389.2006.00797.x},
volume = {57},
year = {2006}
}
