Automatically generated by Mendeley 1.0.1
Any changes to this file will be lost if it is regenerated by Mendeley.

@article{Pianka1970,
author = {Pianka, E.R.},
issn = {0003-0147},
journal = {American Naturalist},
number = {940},
pages = {592--597},
publisher = {JSTOR},
title = {{On r-and K-selection}},
url = {http://www.jstor.org/stable/2459020},
volume = {104},
year = {1970}
}
