Automatically generated by Mendeley 1.0.1
Any changes to this file will be lost if it is regenerated by Mendeley.

@article{fox1987,
author = {Fox, John},
journal = {Sociological Methodology},
pages = {347},
publisher = {American Sociological Association},
title = {{Effect Displays for Generalized Linear Models}},
url = {http://www.jstor.org/stable/271037?origin=crossref},
volume = {17},
year = {1987}
}
@techreport{Lecoutre2003,
author = {Lecoutre, Eric},
pages = {1--19},
title = {{R graph gallery 3D}},
year = {2003}
}
@book{Crawley2007,
author = {Crawley, M.J.},
pages = {950},
publisher = {John Wiley \& Sons Inc},
title = {{The R book}},
url = {http://books.google.com/books?hl=en\&amp;lr=\&amp;id=8D4HVx0apZQC\&amp;oi=fnd\&amp;pg=PR7\&amp;dq=The+R+Book\&amp;ots=rPo8-3k7n\_\&amp;sig=297WOZIfjE1DD98lxb\_bJ6RDA7Y http://eu.wiley.com/WileyCDA/WileyTitle/productCd-0470510242.html},
year = {2007}
}
@misc{Maindonald2008,
author = {Maindonald, J H},
booktitle = {Australian Journal of Zoology},
keywords = {R graphics},
mendeley-tags = {R graphics},
number = {January},
title = {{Using R for Data Analysis and Graphics Introduction , Code and Commentary}},
year = {2008}
}
@article{Oberdiek2008,
abstract = {Package pdflscape adds PDF support to the environment landscape of package lscape by setting the PDF page attribute /Rotate.},
author = {Oberdiek, Heiko},
journal = {Landscape},
title = {{The pdflscape package}},
year = {2008}
}
@misc{Ripley2010,
author = {Ripley, Brian},
title = {{Package ‘ tree ’: Classification and regression trees}},
year = {2010}
}
@misc{Fox2009,
author = {Fox, John and Hong, Jangman},
booktitle = {Source},
title = {{Effect Displays for Linear, Generalized Linear, Multinomial-Logit, and Proportional-Odds Logit Models}},
year = {2009}
}
@misc{Pascal2009e,
address = {Edinburgh, UK},
author = {Pascal, R\'{e}my},
booktitle = {Spectrum},
pages = {1--12},
title = {{Analysis over the MeanDir results MeanDirRand14-May-2009.csv}},
year = {2009}
}
@misc{R2009,
address = {Vienna, Austria},
author = {{R Development Core Team}},
publisher = {R Foundation for Statistical Computing},
title = {{R: A Language and Environment for Statistical Computing}},
url = {http://www.r-project.org},
year = {2009}
}
@book{RManual,
abstract = {Organization (2009), an estimated 17.1 million people died from cardiovascular disease in 2005 (29\% of global deaths), 7.2 million from coronary heart disease.},
author = {Venables, W. N. and Smith, M. D. and {R Development Core Team}},
booktitle = {British journal of hospital medicine (London, England : 2005)},
edition = {Version 2.},
month = may,
number = {5},
pages = {100},
title = {{An Introduction to R}},
url = {http://www.ncbi.nlm.nih.gov/pubmed/20449126},
volume = {71},
year = {2010}
}
