Automatically generated by Mendeley 1.0.1
Any changes to this file will be lost if it is regenerated by Mendeley.

@article{Faraway2002,
author = {Faraway, Julian J},
file = {:home/lluc/.local/share/data/Mendeley Ltd./Mendeley Desktop/Downloaded/Faraway - 2002 - Practical Regression and Anova using R.pdf:pdf},
journal = {Reproduction},
number = {July},
title = {{Practical Regression and Anova using R}},
year = {2002}
}
