Automatically generated by Mendeley 1.0.1
Any changes to this file will be lost if it is regenerated by Mendeley.

@misc{Oksanen2011,
author = {Oksanen, Jari and Blanchet, F. Guillaume and Kindt, Roland and Legendre, Pierre and O'Hara, R.B. and Simpson, Gavin L. and Slymos, Peter and Stevens, M. Henry H. and Wagner, Helene},
title = {{vegan: Community Ecology Package. R packge version 1.17-9}},
url = {http://cran.r-project.org/package=vegan},
year = {2011}
}
