Automatically generated by Mendeley 1.0.1
Any changes to this file will be lost if it is regenerated by Mendeley.

@article{Fontaine2011,
author = {Fontaine, S. and Henault, C. and Aamor, a. and Bdioui, N. and Bloor, J.M.G. and Maire, V. and Mary, B. and Revaillot, S. and Maron, P.a.},
doi = {10.1016/j.soilbio.2010.09.017},
file = {:home/lluc/Documents/papers/fontaine2011\_priming\_n.pdf:pdf},
issn = {00380717},
journal = {Soil Biology and Biochemistry},
month = jan,
number = {1},
pages = {86--96},
publisher = {Elsevier Ltd},
title = {{Fungi mediate long term sequestration of carbon and nitrogen in soil through their priming effect}},
url = {http://linkinghub.elsevier.com/retrieve/pii/S0038071710003500},
volume = {43},
year = {2011}
}
@article{Fontaine2005,
author = {Fontaine, S\'{e}bastien and Barot, S\'{e}bastien},
doi = {10.1111/j.1461-0248.2005.00813.x},
file = {:home/lluc/Documents/papers/j.1461-0248.2005.00813.x.pdf:pdf},
issn = {1461023X},
journal = {Ecology Letters},
keywords = {carbon,carbon cycling,carbon storage,effect,microbial dynamics,microbial functional diversity,mineralization,nitrogen coupling,nutrient impact,plant persistence,priming,soil ecosystem functioning},
month = oct,
number = {10},
pages = {1075--1087},
title = {{Size and functional diversity of microbe populations control plant persistence and long-term soil carbon accumulation}},
url = {http://doi.wiley.com/10.1111/j.1461-0248.2005.00813.x},
volume = {8},
year = {2005}
}
@article{Fontaine2003,
author = {Fontaine, S and Henaultb, C. and Aamorb, A. and Bdioui, N. and Bloora, J.M.G. and Mairea, V. and Maryc, B. and Revaillota, S. and Maronb, P.A.},
doi = {10.1016/S0038-0717(03)00123-8},
file = {:home/lluc/Documents/papers/sdarticle(2).pdf:pdf},
issn = {00380717},
journal = {Soil Biology and Biochemistry},
keywords = {carbon storage,energy limitation,enzyme regulation,k strategy,nutritional competition,r},
month = jun,
number = {6},
pages = {837--843},
title = {{The priming effect of organic matter: a question of microbial competition?}},
url = {http://linkinghub.elsevier.com/retrieve/pii/S0038071703001238},
volume = {35},
year = {2003}
}
