Automatically generated by Mendeley 1.0.1
Any changes to this file will be lost if it is regenerated by Mendeley.

@article{Schindlbacher2007a,
author = {Schindlbacher, a and Zechmeisterboltenstern, S and Glatzel, G and Jandl, R},
doi = {10.1016/j.agrformet.2007.06.001},
file = {:home/lluc/.local/share/data/Mendeley Ltd./Mendeley Desktop/Downloaded/Schindlbacher et al. - 2007 - Winter soil respiration from an Austrian mountain forest.pdf:pdf},
issn = {01681923},
journal = {Agricultural and Forest Meteorology},
keywords = {carbon cycle,forest ecosystem,roots,snow,soil respiration,winter},
month = oct,
number = {3-4},
pages = {205--215},
title = {{Winter soil respiration from an Austrian mountain forest}},
url = {http://linkinghub.elsevier.com/retrieve/pii/S0168192307001608},
volume = {146},
year = {2007}
}
@article{Schindlbacher2011,
author = {Schindlbacher, a. and Rodler, a. and Kuffner, M. and Kitzler, B. and Sessitsch, a. and Zechmeister-Boltenstern, S.},
doi = {10.1016/j.soilbio.2011.03.005},
file = {:home/lluc/.local/share/data/Mendeley Ltd./Mendeley Desktop/Downloaded/Schindlbacher et al. - 2011 - Experimental warming effects on the microbial community of a temperate mountain forest soil.pdf:pdf},
issn = {00380717},
journal = {Soil Biology and Biochemistry},
month = mar,
number = {7},
pages = {1417--1425},
publisher = {Elsevier Ltd},
title = {{Experimental warming effects on the microbial community of a temperate mountain forest soil}},
url = {http://linkinghub.elsevier.com/retrieve/pii/S0038071711001180},
volume = {43},
year = {2011}
}
@article{Schaufler2010,
author = {Schaufler, G. and Kitzler, B. and Schindlbacher, a. and Skiba, U. and Sutton, M. a. and Zechmeister-Boltenstern, S.},
doi = {10.1111/j.1365-2389.2010.01277.x},
file = {:home/lluc/1.PDF:PDF},
issn = {13510754},
journal = {European Journal of Soil Science},
month = oct,
number = {5},
pages = {683--696},
title = {{Greenhouse gas emissions from European soils under different land use: effects of soil moisture and temperature}},
url = {http://doi.wiley.com/10.1111/j.1365-2389.2010.01277.x},
volume = {61},
year = {2010}
}
@article{Schindlbacher2010,
author = {Schindlbacher, Andreas and de Gonzalo, Carlos and D\'{\i}az-Pin\'{e}s, Eugenio and Gorr\'{\i}a, Pilar and Matthews, Bradley and Incl\'{a}n, Rosa and Zechmeister-Boltenstern, Sophie and Rubio, Agust\'{\i}n and Jandl, Robert},
doi = {10.1029/2009JG001191},
file = {:home/lluc/.local/share/data/Mendeley Ltd./Mendeley Desktop/Downloaded/Schindlbacher et al. - 2010 - Temperature sensitivity of forest soil organic matter decomposition along two elevation gradients.pdf:pdf},
issn = {0148-0227},
journal = {Journal of Geophysical Research},
month = aug,
number = {G3},
pages = {1--10},
title = {{Temperature sensitivity of forest soil organic matter decomposition along two elevation gradients}},
url = {http://www.agu.org/pubs/crossref/2010/2009JG001191.shtml},
volume = {115},
year = {2010}
}
@article{Schindlbacher2007,
author = {Schindlbacher, Andreas and Zechmeister-Boltenstern, Sophie and Kitzler, Barbara and Jandl, Robert},
doi = {10.1007/s11104-007-9511-2},
file = {:home/lluc/.local/share/data/Mendeley Ltd./Mendeley Desktop/Downloaded/Schindlbacher et al. - 2007 - Experimental forest soil warming response of autotrophic and heterotrophic soil respiration to a short-term 10°C temperature rise.pdf:pdf},
issn = {0032-079X},
journal = {Plant and Soil},
keywords = {autotrophic respiration,heterotrophic respiration,q 10,soil respiration},
month = dec,
number = {1-2},
pages = {323--330},
title = {{Experimental forest soil warming: response of autotrophic and heterotrophic soil respiration to a short-term 10°C temperature rise}},
url = {http://www.springerlink.com/index/10.1007/s11104-007-9511-2},
volume = {303},
year = {2007}
}
